<collection xmlns="http://www.loc.gov/MARC21/slim">
<record>
  <leader>02139nam0a2200337 i 450 </leader>
  <controlfield tag="001">IT\ICCU\CNCE\030955</controlfield>
  <controlfield tag="005">20110524000000.0</controlfield>
  <datafield tag="012" ind1=" " ind2=" ">
    <subfield code="a">uiue nto- a-sa adpo (3) 1582 (R)</subfield>
    <subfield code="2">fei</subfield>
  </datafield>
  <datafield tag="100" ind1=" " ind2=" ">
    <subfield code="a">19971201d1582        0itac0103    ba</subfield>
  </datafield>
  <datafield tag="101" ind1=" " ind2=" ">
    <subfield code="a">LAT</subfield>
  </datafield>
  <datafield tag="102" ind1=" " ind2=" ">
    <subfield code="a">IT</subfield>
  </datafield>
  <datafield tag="200" ind1="1" ind2=" ">
    <subfield code="a">℗Francisci Antonii Viuoli philosophi et medici Neapolitani, in almo ac celeberrimo studio Neapolitano publice ac ordinarie librum Posteriorum, ac Topicorum profitentis. ℗Dilucida expositio in primum librum Posteriorum</subfield>
  </datafield>
  <datafield tag="210" ind1=" " ind2=" ">
    <subfield code="a">Neapoli</subfield>
    <subfield code="c">apud Horatium Saluianum</subfield>
    <subfield code="d">Caesarem Caesaris</subfield>
    <subfield code="d">&amp; fratres</subfield>
    <subfield code="d">1582</subfield>
    <subfield code="e">Neapoli</subfield>
    <subfield code="g">apud Horatium Saluianum</subfield>
    <subfield code="h">&amp; Caesarem Caesaris</subfield>
    <subfield code="h">&amp; fratres</subfield>
    <subfield code="h">1582</subfield>
  </datafield>
  <datafield tag="215" ind1=" " ind2=" ">
    <subfield code="a">\4!, 214, \2! p.</subfield>
    <subfield code="d">fol</subfield>
  </datafield>
  <datafield tag="620" ind1=" " ind2=" ">
    <subfield code="a">IT</subfield>
    <subfield code="d">Napoli</subfield>
  </datafield>
  <datafield tag="700" ind1=" " ind2="1">
    <subfield code="a">Vivoli,</subfield>
    <subfield code="b">Francesco Antonio</subfield>
    <subfield code="3">IT\ICCU\CNCA\006902</subfield>
  </datafield>
  <datafield tag="712" ind1="0" ind2="0">
    <subfield code="a">Salviani, Orazio &amp; Cesari, Cesare &amp; fratelli</subfield>
    <subfield code="3">IT\ICCU\CNCT\001618</subfield>
    <subfield code="4">650</subfield>
  </datafield>
  <datafield tag="790" ind1=" " ind2="1">
    <subfield code="a">Vivolus,</subfield>
    <subfield code="b">Franciscus Antonius</subfield>
    <subfield code="3">IT\ICCU\CNCA\009173</subfield>
    <subfield code="z">Vivoli, Francesco Antonio</subfield>
  </datafield>
  <datafield tag="790" ind1=" " ind2="1">
    <subfield code="a">Vivolo,</subfield>
    <subfield code="b">Francesco Antonio</subfield>
    <subfield code="3">IT\ICCU\CNCA\025545</subfield>
    <subfield code="z">Vivoli, Francesco Antonio</subfield>
  </datafield>
  <datafield tag="791" ind1="0" ind2="0">
    <subfield code="a">Cesari, Cesare &amp; fratelli</subfield>
    <subfield code="3">IT\ICCU\CNCT\001619</subfield>
    <subfield code="z">Salviani, Orazio &amp; Cesari, Cesare &amp; fratelli</subfield>
  </datafield>
  <datafield tag="801" ind1=" " ind2="3">
    <subfield code="a">IT</subfield>
    <subfield code="b">ICCU</subfield>
    <subfield code="c">20201114</subfield>
  </datafield>
  <datafield tag="899" ind1=" " ind2=" ">
    <subfield code="a">Biblioteca statale di Montevergine. Mercogliano</subfield>
    <subfield code="1">AV0045</subfield>
    <subfield code="2">NAP MV</subfield>
  </datafield>
  <datafield tag="899" ind1=" " ind2=" ">
    <subfield code="a">Biblioteca nazionale centrale. Firenze</subfield>
    <subfield code="1">FI0098</subfield>
    <subfield code="2">CFI CF</subfield>
  </datafield>
  <datafield tag="899" ind1=" " ind2=" ">
    <subfield code="a">Biblioteca diocesana Cardinal Cesare Baronio. Sora</subfield>
    <subfield code="1">FR0104</subfield>
    <subfield code="2">RMS Q5</subfield>
  </datafield>
  <datafield tag="899" ind1=" " ind2=" ">
    <subfield code="a">Biblioteca civica Berio. Genova</subfield>
    <subfield code="1">GE0036</subfield>
    <subfield code="2">SGE BE</subfield>
  </datafield>
  <datafield tag="899" ind1=" " ind2=" ">
    <subfield code="a">Biblioteca nazionale Vittorio Emanuele III. Napoli</subfield>
    <subfield code="1">NA0079</subfield>
    <subfield code="2">NAP BN</subfield>
  </datafield>
  <datafield tag="899" ind1=" " ind2=" ">
    <subfield code="a">Biblioteca nazionale centrale. Roma</subfield>
    <subfield code="1">RM0267</subfield>
    <subfield code="2">BVE CR</subfield>
  </datafield>
  <datafield tag="899" ind1=" " ind2=" ">
    <subfield code="a">Biblioteca Vallicelliana. Roma</subfield>
    <subfield code="1">RM0281</subfield>
    <subfield code="2">RML 08</subfield>
  </datafield>
  <datafield tag="899" ind1=" " ind2=" ">
    <subfield code="a">Biblioteca provinciale. Salerno</subfield>
    <subfield code="1">SA0063</subfield>
    <subfield code="2">CAM PS</subfield>
  </datafield>
  <datafield tag="911" ind1=" " ind2=" ">
    <subfield code="a">Sul front.</subfield>
    <subfield code="9">IT\ICCU\CNCM\000509</subfield>
  </datafield>
  <datafield tag="921" ind1=" " ind2=" ">
    <subfield code="a">IT\ICCU\CNCM\000509</subfield>
    <subfield code="b">Ges ̮bambino benedicente su un&apos;aquila, con globo sormontato da croce nella mano sinistra. Ai lati rami di palma e olivo.</subfield>
    <subfield code="e">1) Ex me pax tibi et victoria. 2)Sicut aquila prouocans ad volandum pullos suos.</subfield>
    <subfield code="c">V131</subfield>
    <subfield code="c">Z610</subfield>
    <subfield code="d">Dimensioni: 4,7 x 6,4. Con o senza motto</subfield>
    <subfield code="f">EXMEPAXTIB</subfield>
    <subfield code="f">AQUILA</subfield>
    <subfield code="f">GESU</subfield>
    <subfield code="f">MONDO</subfield>
    <subfield code="f">RAMI</subfield>
    <subfield code="g">1580-1600</subfield>
  </datafield>
</record>
</collection>
